<?xml version="1.0" encoding="UTF-8"?>
<collection xmlns:xsi="http://www.w3.org/2001/XMLSchema-instance" xsi:schemaLocation="http://www.loc.gov/MARC21/slim http://www.loc.gov/standards/marcxml/schema/MARC21slim.xsd" xmlns="http://www.loc.gov/MARC21/slim">
<record>
  <leader>01810cam a2200301Mi 4500</leader>
  <controlfield tag="001">1903646</controlfield>
  <controlfield tag="003">NNC</controlfield>
  <controlfield tag="005">20160623143703.0</controlfield>
  <controlfield tag="008">961125s1908    ua            000 0 ara d</controlfield>
  <datafield tag="035" ind1=" " ind2=" ">
    <subfield code="9">ALZ6102CU</subfield>
  </datafield>
  <datafield tag="035" ind1=" " ind2=" ">
    <subfield code="a">(OCoLC)ocm68491315</subfield>
  </datafield>
  <datafield tag="035" ind1=" " ind2=" ">
    <subfield code="a">(OCoLC)68491315</subfield>
  </datafield>
  <datafield tag="035" ind1=" " ind2=" ">
    <subfield code="a">(NNC)1903646</subfield>
  </datafield>
  <datafield tag="040" ind1=" " ind2=" ">
    <subfield code="a">MEAUC</subfield>
    <subfield code="b">eng</subfield>
    <subfield code="c">MEAUC</subfield>
    <subfield code="d">OCLCQ</subfield>
    <subfield code="d">OCLCG</subfield>
    <subfield code="d">OCLCA</subfield>
    <subfield code="d">OCLCQ</subfield>
    <subfield code="d">OCLCO</subfield>
  </datafield>
  <datafield tag="100" ind1="1" ind2=" ">
    <subfield code="6">880-01</subfield>
    <subfield code="a">Nashshār, ʻUmar ibn Qāsim,</subfield>
    <subfield code="d">-1531 or 1532.</subfield>
  </datafield>
  <datafield tag="240" ind1="1" ind2="0">
    <subfield code="6">880-02</subfield>
    <subfield code="a">Mukarrar fī-mā tawātar min al-qirāʼāt al-sabʻ</subfield>
  </datafield>
  <datafield tag="245" ind1="1" ind2="0">
    <subfield code="6">880-03</subfield>
    <subfield code="a">Kitab al-Mukarrar fī-mā tawātar min al-qirāʼāt al-sabʻ /</subfield>
    <subfield code="c">taʼlīf Sirāj al-Dīn Abī Ḥafṣ ʻUmar ibn Qāsim ibn Muḥammad al-Anṣārī ; wa-bi-hāmishihi kitāb al-Kāfī li-Abī ʻAbd Allāh Muḥammad ibn.</subfield>
  </datafield>
  <datafield tag="260" ind1=" " ind2=" ">
    <subfield code="a">Cairo :</subfield>
    <subfield code="b">Maṭbaʻat Dār al-Kutub al-ʻArabīyah al-Kubrá,</subfield>
    <subfield code="c">1908.</subfield>
  </datafield>
  <datafield tag="300" ind1=" " ind2=" ">
    <subfield code="a">155, 4 pages ;</subfield>
    <subfield code="c">29 cm</subfield>
  </datafield>
  <datafield tag="336" ind1=" " ind2=" ">
    <subfield code="a">text</subfield>
    <subfield code="b">txt</subfield>
    <subfield code="2">rdacontent</subfield>
  </datafield>
  <datafield tag="337" ind1=" " ind2=" ">
    <subfield code="a">unmediated</subfield>
    <subfield code="b">n</subfield>
    <subfield code="2">rdamedia</subfield>
  </datafield>
  <datafield tag="338" ind1=" " ind2=" ">
    <subfield code="a">volume</subfield>
    <subfield code="b">nc</subfield>
    <subfield code="2">rdacarrier</subfield>
  </datafield>
  <datafield tag="630" ind1="0" ind2="0">
    <subfield code="a">Qurʼan</subfield>
    <subfield code="x">Readings.</subfield>
  </datafield>
  <datafield tag="700" ind1="1" ind2="2">
    <subfield code="6">880-04</subfield>
    <subfield code="a">Ruʻaynī, Muḥammad ibn Shurayḥ,</subfield>
    <subfield code="d">1001 or 1002-1083 or 1084.</subfield>
    <subfield code="t">Kāfī fī al-qirāʼāt al-sabʻ.</subfield>
  </datafield>
  <datafield tag="880" ind1="1" ind2=" ">
    <subfield code="6">100-01/r</subfield>
    <subfield code="a">نشار، عمر بن محمد,</subfield>
    <subfield code="d">-1531 or 1532.</subfield>
  </datafield>
  <datafield tag="880" ind1="1" ind2="0">
    <subfield code="6">240-02/r</subfield>
    <subfield code="a">المكرر فيما تواتر من القراءات السبع</subfield>
  </datafield>
  <datafield tag="880" ind1="1" ind2="0">
    <subfield code="6">245-03/r</subfield>
    <subfield code="a">كتاب المكرر فيما تواتر من القراءات السبع /</subfield>
    <subfield code="c">تأليف سراج الدين أبي حفص عمر بن قاسم بن محمد الأنصاري. وبهامشه كتاب الكافي لأبي عبد الله محمد بن شريح الرعيني الأشبيلي الأندلسي.</subfield>
  </datafield>
  <datafield tag="880" ind1="1" ind2="2">
    <subfield code="6">700-04/r</subfield>
    <subfield code="a">رعيني، محمد بن شريح,</subfield>
    <subfield code="d">1001 or 1002-1083 or 1084.</subfield>
    <subfield code="t">الكافي في القراءات السبع.</subfield>
  </datafield>
  <datafield tag="955" ind1=" " ind2=" ">
    <subfield code="b">0037851756</subfield>
    <subfield code="d">glx</subfield>
    <subfield code="e">BP131.5 .N374 1908g</subfield>
  </datafield>
</record>
</collection>